<collection xmlns="http://www.loc.gov/MARC21/slim">
<record>
  <leader>00311na 0a22001091i 450 </leader>
  <controlfield tag="001">IT\ICCU\CNCE\058751</controlfield>
  <controlfield tag="005">20151014000000.0</controlfield>
  <datafield tag="100" ind1=" " ind2=" ">
    <subfield code="a">20040702             0itac0103    ba</subfield>
  </datafield>
  <datafield tag="101" ind1=" " ind2=" ">
    <subfield code="a">ITA</subfield>
  </datafield>
  <datafield tag="200" ind1="1" ind2=" ">
    <subfield code="a">Historia delle guerre ciuili de Romani. Seconda parte</subfield>
  </datafield>
  <datafield tag="700" ind1=" " ind2="0">
    <subfield code="a">Appianus</subfield>
    <subfield code="3">IT\ICCU\CNCA\000804</subfield>
  </datafield>
  <datafield tag="801" ind1=" " ind2="3">
    <subfield code="a">IT</subfield>
    <subfield code="b">ICCU</subfield>
    <subfield code="c">20201115</subfield>
  </datafield>
</record>
</collection>
